<record><leader>00000cas a22000007a 4500</leader><controlfield tag="001">1553436</controlfield><controlfield tag="008">750817c19089999nduwr ne      0   a0eng d</controlfield><datafield ind1=" " ind2=" " tag="010"><subfield code="a">sn 88001637 </subfield></datafield><datafield ind1=" " ind2=" " tag="040"><subfield code="a">MUL</subfield><subfield code="b">eng</subfield><subfield code="c">MUL</subfield><subfield code="d">OCL</subfield><subfield code="d">NSD</subfield><subfield code="d">NOP</subfield><subfield code="d">OCLCQ</subfield></datafield><datafield ind1=" " ind2=" " tag="012"><subfield code="m">1</subfield></datafield><datafield ind1="1" ind2=" " tag="022"><subfield code="a">0899-7624</subfield><subfield code="l">0899-7624</subfield><subfield code="2">1</subfield></datafield><datafield ind1=" " ind2=" " tag="032"><subfield code="a">091920</subfield><subfield code="b">USPS</subfield></datafield><datafield ind1=" " ind2=" " tag="037"><subfield code="b">Carson Press, Box 100, Elgin, ND 58533</subfield></datafield><datafield ind1=" " ind2=" " tag="042"><subfield code="a">nsdp</subfield></datafield><datafield ind1="0" ind2=" " tag="130"><subfield code="a">Carson press (Carson, N.D.)</subfield></datafield><datafield ind1=" " ind2="4" tag="222"><subfield code="a">The Carson press</subfield></datafield><datafield ind1="0" ind2="4" tag="245"><subfield code="a">The Carson press.</subfield></datafield><datafield ind1=" " ind2=" " tag="260"><subfield code="a">Carson, Morton County, N.D. :</subfield><subfield code="b">A.E. Peterson.</subfield></datafield><datafield ind1=" " ind2=" " tag="300"><subfield code="a">v.</subfield><subfield code="b">ill.</subfield></datafield><datafield ind1=" " ind2=" " tag="310"><subfield code="a">Weekly</subfield></datafield><datafield ind1="0" ind2=" " tag="362"><subfield code="a">Vol. 1, no. 1 (May 6, 1908)-v.70, no. 9 (Mar. 3, 1983); Mar. 10, 1983-</subfield></datafield><datafield ind1=" " ind2=" " tag="500"><subfield code="a">Although still datelined Carson, N.D., published in Elgin, N.D., May 6, 1975-   .</subfield></datafield><datafield ind1=" " ind2=" " tag="515"><subfield code="a">Volume numbering dropped; retained repeating issue numbering.</subfield></datafield><datafield ind1=" " ind2=" " tag="530"><subfield code="a">Available on microfilm from the State Historical Society of North Dakota.</subfield></datafield><datafield ind1=" " ind2=" " tag="752"><subfield code="a">United States</subfield><subfield code="b">North Dakota</subfield><subfield code="c">Grant</subfield><subfield code="d">Elgin.</subfield></datafield><datafield ind1=" " ind2=" " tag="752"><subfield code="a">United States</subfield><subfield code="b">North Dakota</subfield><subfield code="c">Grant</subfield><subfield code="d">Carson.</subfield></datafield><datafield ind1=" " ind2=" " tag="752"><subfield code="a">United States</subfield><subfield code="b">North Dakota</subfield><subfield code="c">Morton</subfield><subfield code="d">Carson.</subfield></datafield><datafield ind1=" " ind2=" " tag="752"><subfield code="a">United States</subfield><subfield code="b">North Dakota</subfield><subfield code="c">Morton</subfield><subfield code="d">Flasher.</subfield></datafield></record>